@article{williams2009roofline,
  title={Roofline: an insightful visual performance model for multicore architectures},
  author={Williams, Samuel and Waterman, Andrew and Patterson, David},
  journal={Communications of the ACM},
  volume={52},
  number={4},
  pages={65--76},
  year={2009},
  publisher={ACM}
}

@inproceedings{stevenson2012sparse,
	title={Sparse matrix-vector multiply on the hicamp architecture},
	author={Stevenson, John P and Firoozshahian, Amin and Solomatnikov, Alex and Horowitz, Mark and Cheriton, David},
	booktitle={Proceedings of the 26th ACM international conference on Supercomputing},
	pages={195--204},
	year={2012},
	organization={ACM}
}

@inproceedings{gregg2011data,
	title={Where is the data? Why you cannot debate {CPU} vs. {GPU} performance without the answer},
	author={Gregg, Chris and Hazelwood, Kim},
	booktitle={Performance Analysis of Systems and Software (ISPASS), 2011 IEEE International Symposium on},
	pages={134--144},
	year={2011},
	organization={IEEE}
}

@inproceedings{lee2010debunking,
	title={Debunking the 100X GPU vs. {CPU} myth: an evaluation of throughput computing on {CPU} and {GPU}},
	author={Lee, Victor W and Kim, Changkyu and Chhugani, Jatin and Deisher, Michael and Kim, Daehyun and Nguyen, Anthony D and Satish, Nadathur and Smelyanskiy, Mikhail and Chennupaty, Srinivas and Hammarlund, Per and others},
	booktitle={ACM SIGARCH Computer Architecture News},
	volume={38},
	number={3},
	pages={451--460},
	year={2010},
	organization={ACM}
}

@inproceedings{kourtis2008improving,
	title={Improving the performance of multithreaded sparse matrix-vector multiplication using index and value compression},
	author={Kourtis, Kornilios and Goumas, Georgios and Koziris, Nectarios},
	booktitle={Parallel Processing, 2008. ICPP'08. 37th International Conference on},
	pages={511--519},
	year={2008},
	organization={IEEE}
}

@article{davis2011university,
	title={The University of Florida sparse matrix collection},
	author={Davis, Timothy A and Hu, Yifan},
	journal={ACM Transactions on Mathematical Software (TOMS)},
	volume={38},
	number={1},
	pages={1},
	year={2011},
	publisher={ACM}
}

@inproceedings{white1997improving,
	title={On improving the performance of sparse matrix-vector multiplication},
	author={White III, James B and Sadayappan, Ponnuswamy},
	booktitle={High-Performance Computing, 1997. Proceedings. Fourth International Conference on},
	pages={66--71},
	year={1997},
	organization={IEEE}
}

@inproceedings{pinar1999improving,
	title={Improving performance of sparse matrix-vector multiplication},
	author={Pinar, Ali and Heath, Michael T},
	booktitle={Proceedings of the 1999 ACM/IEEE conference on Supercomputing},
	pages={30},
	year={1999},
	organization={ACM}
}

@incollection{im2001optimizing,
	title={Optimizing sparse matrix computations for register reuse in SPARSITY},
	author={Im, Eun-Jin and Yelick, Katherine},
	booktitle={Computational Science—ICCS 2001},
	pages={127--136},
	year={2001},
	publisher={Springer}
}

@inproceedings{karakasis2009comparative,
	title={A comparative study of blocking storage methods for sparse matrices on multicore architectures},
	author={Karakasis, Vasileios and Goumas, Georgios and Koziris, Nectarios},
	booktitle={Computational Science and Engineering, 2009. CSE'09. International Conference on},
	volume={1},
	pages={247--256},
	year={2009},
	organization={IEEE}
}


@manual{coprocessor2014datasheet,
	organization  = "Intel Corporation",
	title         = "Intel® Xeon Phi™ Coprocessor Datasheet",
	year          =  2015,
	month         =  April,
	number        = "328209 004EN"
}

@article{keckler2011gpus,
	title={{GPUs} and the future of parallel computing},
	author={Keckler, Stephen W and Dally, William J and Khailany, Brucek and Garland, Michael and Glasco, David},
	journal={IEEE Micro},
	number={5},
	pages={7--17},
	year={2011},
	publisher={IEEE}
}

@article{borkar2013exascale,
	title={Exascale computing-a fact or affliction?},
	author={Borkar, Shekhar},
	journal={Keynote presentation at IPDPS},
	year={2013}
}

@inproceedings{chang2013technology,
	title={Technology comparison for large last-level caches (${L}^3{C}s$): Low-leakage SRAM, low write-energy STT-RAM, and refresh-optimized eDRAM},
	author={Chang, Mu-Tien and Rosenfeld, Paul and Lu, Shih-Lien and Jacob, Biji},
	booktitle={High Performance Computer Architecture (HPCA2013), 2013 IEEE 19th International Symposium on},
	pages={143--154},
	year={2013},
	organization={IEEE}
}

@inproceedings{avron2015hardware,
	title={Hardware Scheduler Performance on the Plural Many-Core Architecture},
    author={Avron, Itai and Ginosar, Ran},
	booktitle={Proceedings of the 3rd International Workshop on Many-core Embedded Systems},
	pages={48--51},
	year={2015},
	organization={ACM}
}

@inproceedings{avron2012performance,
	title={Performance of a hardware scheduler for many-core architecture},
	author={Avron, Itai and Ginosar, Ran},
	booktitle={High Performance Computing and Communication \& 2012 IEEE 9th International Conference on Embedded Software and Systems (HPCC-ICESS), 2012 IEEE 14th International Conference on},
	pages={151--160},
	year={2012},
	organization={IEEE}
}

@article{kourtis2010exploiting,
	title={Exploiting compression opportunities to improve SpMxV performance on shared memory systems},
	author={Kourtis, Kornilios and Goumas, Georgios and Koziris, Nectarios},
	journal={ACM Transactions on Architecture and Code Optimization (TACO)},
	volume={7},
	number={3},
	pages={16},
	year={2010},
	publisher={ACM}
}

@misc{bzip2,
	author = {Julian Seward},
	title = {{bzip2}},
	howpublished = "\url{http:// http://www.bzip.org/}",
	year = {2010}, 
	note = "[Online; accessed 30-January-2014]"
}

@misc{pbzip2,
	author = {Jeff Gilchrist},
	title = {{Parallel BZIP2}},
	howpublished = "\url{http://compression.ca/pbzip2/}",
	year = {2010}, 
	note = "[Online; accessed 30-January-2014]"
}

@book{nichols1996pthreads,
	title={Pthreads programming: A POSIX standard for better multiprocessing},
	author={Nichols, Bradford and Buttlar, Dick and Farrell, Jacqueline},
	year={1996},
	publisher={" O'Reilly Media, Inc."}
}

@manual{intelSSD-P3700,
	organization  = "Intel Corporation",
	title         = "Intel Solid State Drive P3700 Series",
	year          =  2015,
	month         =  October,
	number        = "330566-010US",
	note          = "Product Specifications",
	address		  = "http://www.intel.com/content/www/us/en/solid-state-drives/ssd-dc-p3700-spec.html"
}

@manual{intelDDIO,
	organization  = "Intel Corporation",
	title         = "Intel Data Direct I/O Technology (Intel DDIO)",
	year          =  2012,
	month         =  February,
	note          = "Product Specifications"
}